@book{2000:bernardosmith,
    Title = {Bayesian Theory},
    Author = {Bernardo, J. and Smith, A.},
    Publisher = {Wiley},
    Address = {Chichester},
    Year = {2000}}

@article{2009:WalterAugustin,
    Author = {G. Walter and T. Augustin},
    Title = {Imprecision and Prior-data Conflict in Generalized {B}ayesian Inference},
    Journal = {Journal of Statistical Theory and Practice},
    Pages = {255--271},
    Volume = {3},
    Year = {2009},
    nourl = {http://dx.doi.org/10.1080/15598608.2009.10411924},
    doi = {10.1080/15598608.2009.10411924}
}

@phdthesis{2013:diss-gw,
    author    = "G. Walter",
    title     = "Generalized {B}ayesian Inference under Prior-Data Conflict",
    year      = "2013",
    school    = "Department of Statistics, LMU Munich",
    url = {http://edoc.ub.uni-muenchen.de/17059/},
}

@misc{luck-package,
  title={\texttt{\upshape luck}: \textbf{R} package for Generalized iLUCK-models},
  author={Walter, G. and Krautenbacher, N.},
  year={2013},
  url={http://luck.r-forge.r-project.org/},
  keywords = {defensethesis},
}

@inproceedings{2005:quaeghebeurcooman,
    Address = {Manno},
    Author = {Quaeghebeur, E. and {de Cooman}, G.},
    Booktitle = {ISIPTA '05. Proceedings of the Fourth International Symposium on Imprecise Probabilities and Their Applications},
    Editor = {Cozman, F. and Nau, R. and Seidenfeld, T.},
    Pages = {287--296},
    Publisher = {SIPTA},
    Title = {Imprecise probability models for inference in exponential families},
    Year = {2005},
    Keywords = {defensefurther},
    url = {http://leo.ugr.es/sipta/isipta05/proceedings/papers/s019.pdf},
}

@article{2006:evans,
    Author = {M. Evans and H. Moshonov},
    Journal = {Bayesian Analysis},
    Pages = {893--914},
    Title = {Checking for Prior-Data Conflict},
    Volume = {1},
    Year = {2006},
    Keywords = {defensefurther},
    Url = {http://projecteuclid.org/euclid.ba/1340370946},
}

@book{1991:walley,
  author = {Walley, P.},
  title = {Statistical Reasoning with Imprecise Probabilities},
  publisher = {Chapman and Hall},
  address = {London},
  year = {1991},
  keywords = {defensefurther},
}

@article{1996:walley::idm,
  author = {Walley, P.},
  title = {Inferences from multinomial data: Learning about a bag of marbles},
  journal = {Journal of the Royal Statistical Society, Series B},
  year = {1996},
  volume = {58},
  number = {1},
  pages = {3--34},
  keywords = {defensefurther},
}

@article {2015:bayessurvsign,
  author = {Aslett, Louis and Coolen, Frank and Wilson, Simon},
  title = {Bayesian Inference for Reliability of Systems and Networks Using the Survival Signature},
  journal = {Risk Analysis},
  volume = {35},
  issue = {9},
  pages = {1640--1651},
  issn = {1539-6924},
  nourl = {http://dx.doi.org/10.1111/risa.12228},
  doi = {10.1111/risa.12228},
  keywords = {Bayesian methods, networks, nonparametrics, parametric lifetime distributions, system reliability},
  year = {2015},
}

@incollection{2012:survsign,
  year={2012},
  noisbn={978-3-642-30661-7},
  booktitle={Complex Systems and Dependability},
  volume={170},
  series={Advances in Intelligent and Soft Computing},
  noeditor={Zamojski, Wojciech and Mazurkiewicz, Jacek and Sugier, Jaros≈Çaw and Walkowiak, Tomasz and Kacprzyk, Janusz},
  editor={Zamojski, W. and Mazurkiewicz, J. and Sugier, J. and Walkowiak, T. and Kacprzyk, J.},
  doi={10.1007/978-3-642-30662-4_8},
  title={Generalizing the Signature to Systems with Multiple Types of Components},
  nourl={http://dx.doi.org/10.1007/978-3-642-30662-4_8},
  publisher={Springer},
  author={Coolen, Frank and Coolen-Maturi, Tahani},
  pages={115-130},
  nolanguage={English}
}

@unpublished{2016:bayessurvsignsets,
  author = {Walter, Gero and Aslett, Louis and Coolen, Frank},
  title = {Bayesian Nonparametric System Reliability using Sets of Priors},
  year = {2016},
  note = {Submitted to \emph{International Journal of Approximate Reasoning}},
  url = {http://arxiv.org/abs/1602.01650}
}

@misc{2016:aslett-RT,
  author = {Aslett, L.J.M},
  title = {{ReliabilityTheory}: Tools for structural reliability analysis},
  year = {2016},
  howpublished = {R package},
  url = {http://www.louisaslett.com}
}

